@article{DBLP:journals/corr/abs-1710-00551,
  author    = {Daniel Gruss and
               Moritz Lipp and
               Michael Schwarz and
               Daniel Genkin and
               Jonas Juffinger and
               Sioli O'Connell and
               Wolfgang Schoechl and
               Yuval Yarom},
  title     = {Another Flip in the Wall of Rowhammer Defenses},
  journal   = {CoRR},
  volume    = {abs/1710.00551},
  year      = {2017},
  url       = {http://arxiv.org/abs/1710.00551},
  archivePrefix = {arXiv},
  eprint    = {1710.00551},
  timestamp = {Wed, 01 Nov 2017 19:05:43 +0100},
  biburl    = {http://dblp.org/rec/bib/journals/corr/abs-1710-00551},
  bibsource = {dblp computer science bibliography, http://dblp.org}
}

@inproceedings{DBLP:conf/ccs/2016,
  author    = {Daniel Gruss and
               Cl{\'{e}}mentine Maurice and
               Anders Fogh and
               Moritz Lipp and
               Stefan Mangard},
  title     = {Prefetch Side-Channel Attacks: Bypassing {SMAP} and Kernel {ASLR}},
  booktitle = {Proceedings of the 2016 {ACM} {SIGSAC} Conference on Computer and
               Communications Security, Vienna, Austria, October 24-28, 2016},
  pages     = {368--379},
  year      = {2016},
  url       = {http://doi.acm.org/10.1145/2976749.2978356},
  doi       = {10.1145/2976749.2978356},
  timestamp = {Mon, 24 Oct 2016 18:57:12 +0200},
  biburl    = {http://dblp.org/rec/bib/conf/ccs/GrussMFLM16},
  bibsource = {dblp computer science bibliography, http://dblp.org}
}


@article{seaborn2015,
author = {Mark Seaborn and Halvar Flake},
title = {Exploiting the dram rowhammer bug to gain kernel privileges},
journal = {Black Hat Briefings},
year = {2015},
}
@inproceedings{vanderVeen:2016:DDR:2976749.2978406,
 author = {van der Veen, Victor and Fratantonio, Yanick and Lindorfer, Martina and Gruss, Daniel and Maurice, Clementine and Vigna, Giovanni and Bos, Herbert and Razavi, Kaveh and Giuffrida, Cristiano},
 title = {Drammer: Deterministic Rowhammer Attacks on Mobile Platforms},
 booktitle = {Proceedings of the 2016 ACM SIGSAC Conference on Computer and Communications Security},
 series = {CCS '16},
 year = {2016},
 isbn = {978-1-4503-4139-4},
 location = {Vienna, Austria},
 pages = {1675--1689},
 numpages = {15},
 url = {http://doi.acm.org/10.1145/2976749.2978406},
 doi = {10.1145/2976749.2978406},
 acmid = {2978406},
 publisher = {ACM},
 address = {New York, NY, USA},
 keywords = {hardware bugs, mobile device security, privilege escalation, rowhammer, system security},
}

@misc{virtual-momory,
	title = {{Linux Kernel Documentation Virtual memory map}},
	howpublished = "\url{https://www.kernel.org/doc/Documentation/x86/x86_64/mm.txt}",
	note = "[Online; accessed 13-Januar-2018]"
}

@misc{git-rowhammer,
	title = {{Tools for \glqq Another Flip in the Wall\grqq}},
	howpublished = "\url{https://github.com/IAIK/flipfloyd}",
	note = "[Online; accessed 28-Januar-2018]"
}

@misc{git-prefetch,
	title = {{Prefetch Side-Channel Attacks}},
	howpublished = "\url{https://github.com/IAIK/prefetch}",
	note = "[Online; accessed 28-Januar-2018]"
}

@misc{git-meltdown,
	title = {{Meltdown Proof-of-Concept}},
	howpublished = "\url{https://github.com/IAIK/meltdown}",
	note = "[Online; accessed 28-Januar-2018]"
}
 

